
@article{ettinger2025enterprise,
  title={Enterprise Architecture as a Dynamic Capability for Scalable and Sustainable Generative AI adoption: Bridging Innovation and Governance in Large Organisations},
  author={Ettinger, Alexander},
  journal={arXiv preprint arXiv:2505.06326},
  year={2025}
}
