@inproceedings{grohe2020word2vec,  title={word2vec, node2vec, graph2vec, x2vec: Towards a theory of vector embeddings of structured data},  author={Grohe, Martin},  booktitle={proceedings of the 39th ACM SIGMOD-SIGACT-SIGAI symposium on principles of database systems},  pages={1--16},  year={2020}}
